<collection xmlns="http://www.loc.gov/MARC21/slim">
<record>
  <leader>01173nam0a2200241 i 450 </leader>
  <controlfield tag="001">IT\ICCU\CNCE\053052</controlfield>
  <controlfield tag="005">20130502000000.0</controlfield>
  <datafield tag="012" ind1=" " ind2=" ">
    <subfield code="a">t.o- u-u- s.m- peQu (C) 1565 (R)</subfield>
    <subfield code="2">fei</subfield>
  </datafield>
  <datafield tag="100" ind1=" " ind2=" ">
    <subfield code="a">20020722d1565        0itac0103    ba</subfield>
  </datafield>
  <datafield tag="101" ind1=" " ind2=" ">
    <subfield code="a">LAT</subfield>
  </datafield>
  <datafield tag="102" ind1=" " ind2=" ">
    <subfield code="a">IT</subfield>
  </datafield>
  <datafield tag="200" ind1="1" ind2=" ">
    <subfield code="a">Decreta habita et acceptata in congregatione diocesana in cathedrali ecclesia huius foelicis vrbis Panormi per illust. et reuerendiss. dominum fratrem Octauianum de Precone archiepiscopum dictae ciuitatis, et deputatos dictae diocesanae congregationis</subfield>
  </datafield>
  <datafield tag="210" ind1=" " ind2=" ">
    <subfield code="a">Panormi</subfield>
    <subfield code="c">apud Ioannem Mattheum Maydam</subfield>
    <subfield code="d">1565</subfield>
  </datafield>
  <datafield tag="215" ind1=" " ind2=" ">
    <subfield code="a">\16! c.</subfield>
    <subfield code="d">4ʻ</subfield>
  </datafield>
  <datafield tag="300" ind1=" " ind2=" ">
    <subfield code="a">Precede il titolo: In Dei nomine amen</subfield>
  </datafield>
  <datafield tag="620" ind1=" " ind2=" ">
    <subfield code="a">IT</subfield>
    <subfield code="d">Palermo</subfield>
  </datafield>
  <datafield tag="710" ind1="0" ind2="2">
    <subfield code="a">Palermo</subfield>
    <subfield code="c"> &lt;Arcidiocesi&gt;</subfield>
    <subfield code="3">6914</subfield>
  </datafield>
  <datafield tag="712" ind1="0" ind2="0">
    <subfield code="a">Mayda, Giovanni Matteo</subfield>
    <subfield code="3">IT\ICCU\CNCT\000016</subfield>
    <subfield code="4">650</subfield>
  </datafield>
  <datafield tag="791" ind1="0" ind2="0">
    <subfield code="a">Maida, Giovanni Matteo</subfield>
    <subfield code="3">IT\ICCU\CNCT\003506</subfield>
    <subfield code="z">Mayda, Giovanni Matteo</subfield>
  </datafield>
  <datafield tag="791" ind1="0" ind2="0">
    <subfield code="a">Maida, Ioannes Matthaeus</subfield>
    <subfield code="3">IT\ICCU\CNCT\005110</subfield>
    <subfield code="z">Mayda, Giovanni Matteo</subfield>
  </datafield>
  <datafield tag="791" ind1="0" ind2="0">
    <subfield code="a">Mayda, Ioannes Mattheus de</subfield>
    <subfield code="3">IT\ICCU\CNCT\005112</subfield>
    <subfield code="z">Mayda, Giovanni Matteo</subfield>
  </datafield>
  <datafield tag="801" ind1=" " ind2="3">
    <subfield code="a">IT</subfield>
    <subfield code="b">ICCU</subfield>
    <subfield code="c">20201115</subfield>
  </datafield>
  <datafield tag="899" ind1=" " ind2=" ">
    <subfield code="a">Biblioteca ed Archivio storico della Curia arcivescovile. Palermo</subfield>
    <subfield code="1">PA0271</subfield>
    <subfield code="2">PA1 AD</subfield>
  </datafield>
</record>
</collection>
